%%%%%%%%%%%%%%%%%%%%%%%%%%%%%%%%%
% Website and online references %
%%%%%%%%%%%%%%%%%%%%%%%%%%%%%%%%%

@misc{junyanz.github.io,
    author       = {Jun-Yan Zhu},
    title        = {Unpaired Image-to-Image Translation using Cycle-Consistent Adversarial Networks},
    howpublished = {\url{https://junyanz.github.io/CycleGAN/}},
    year         = {2017}
}

@misc{blog.aylien.com,
    author       = {John Glover},
    title        = {An introduction to Generative Adversarial Networks (with code in TensorFlow)},
    howpublished = {\url{https://cutt.ly/VyTQ8jt}},
    year         = {2016}
}


%%%%%%%%%%%%
% Articles %
%%%%%%%%%%%%

@article{DBLP:journals/corr/GatysEB15a,
    author        = {Leon A. Gatys and Alexander S. Ecker and Matthias Bethge},
    title         = {A Neural Algorithm of Artistic Style},
    journal       = {CoRR},
    volume        = {abs/1508.06576},
    year          = {2015},
    url           = {http://arxiv.org/abs/1508.06576},
    archivePrefix = {arXiv},
    eprint        = {1508.06576},
    timestamp     = {Mon, 13 Aug 2018 16:48:03 +0200},
    biburl        = {https://dblp.org/rec/journals/corr/GatysEB15a.bib},
    bibsource     = {dblp computer science bibliography, https://dblp.org}
}

@article{DBLP:journals/corr/ZhuPIE17,
    author        = {Jun{-}Yan Zhu and Taesung Park and Phillip Isola and Alexei A. Efros},
    title         = {Unpaired Image-to-Image Translation using Cycle-Consistent Adversarial Networks},
    journal       = {CoRR},
    volume        = {abs/1703.10593},
    year          = {2017},
    url           = {http://arxiv.org/abs/1703.10593},
    archivePrefix = {arXiv},
    eprint        = {1703.10593},
    timestamp     = {Mon, 13 Aug 2018 16:48:06 +0200},
    biburl        = {https://dblp.org/rec/journals/corr/ZhuPIE17.bib},
    bibsource     = {dblp computer science bibliography, https://dblp.org}
}

@article{DBLP:journals/corr/JingYFYS17,
    author        = {Yongcheng Jing and Yezhou Yang and Zunlei Feng and Jingwen Ye and Mingli Song},
    title         = {Neural Style Transfer: {A} Review},
    journal       = {CoRR},
    volume        = {abs/1705.04058},
    year          = {2017},
    url           = {http://arxiv.org/abs/1705.04058},
    archivePrefix = {arXiv},
    eprint        = {1705.04058},
    timestamp     = {Mon, 13 Aug 2018 16:47:04 +0200},
    biburl        = {https://dblp.org/rec/journals/corr/JingYFYS17.bib},
    bibsource     = {dblp computer science bibliography, https://dblp.org}
}

@article{DBLP:journals/corr/GatysEBHS16,
    author        = {Leon A. Gatys and Alexander S. Ecker and Matthias Bethge and Aaron Hertzmann and Eli Shechtman},
    title         = {Controlling Perceptual Factors in Neural Style Transfer},
    journal       = {CoRR},
    volume        = {abs/1611.07865},
    year          = {2016},
    url           = {http://arxiv.org/abs/1611.07865},
    archivePrefix = {arXiv},
    eprint        = {1611.07865},
    timestamp     = {Mon, 13 Aug 2018 16:46:51 +0200},
    biburl        = {https://dblp.org/rec/journals/corr/GatysEBHS16.bib},
    bibsource     = {dblp computer science bibliography, https://dblp.org}
}

@article{DBLP:journals/corr/JohnsonAL16,
    author        = {Justin Johnson and Alexandre Alahi and Fei{-}Fei Li},
    title         = {Perceptual Losses for Real-Time Style Transfer and Super-Resolution},
    journal       = {CoRR},
    volume        = {abs/1603.08155},
    year          = {2016},
    url           = {http://arxiv.org/abs/1603.08155},
    archivePrefix = {arXiv},
    eprint        = {1603.08155},
    timestamp     = {Sat, 19 Oct 2019 16:30:04 +0200},
    biburl        = {https://dblp.org/rec/journals/corr/JohnsonAL16.bib},
    bibsource     = {dblp computer science bibliography, https://dblp.org}
}

@article{DBLP:journals/corr/LedigTHCATTWS16,
    author        = {Christian Ledig and Lucas Theis and Ferenc Huszar and Jose Caballero and Andrew P. Aitken and Alykhan Tejani and Johannes Totz and Zehan Wang and Wenzhe Shi},
    title         = {Photo-Realistic Single Image Super-Resolution Using a Generative Adversarial Network},
    journal       = {CoRR},
    volume        = {abs/1609.04802},
    year          = {2016},
    url           = {http://arxiv.org/abs/1609.04802},
    archivePrefix = {arXiv},
    eprint        = {1609.04802},
    timestamp     = {Mon, 13 Aug 2018 16:48:38 +0200},
    biburl        = {https://dblp.org/rec/journals/corr/LedigTHCATTWS16.bib},
    bibsource     = {dblp computer science bibliography, https://dblp.org}
}

@inproceedings{Krizhevsky2012ImageNetCW,
    title     = {ImageNet Classification with Deep Convolutional Neural Networks},
    author    = {Alex Krizhevsky and Ilya Sutskever and Geoffrey E. Hinton},
    booktitle = {NIPS},
    year      = {2012}
}
